@inproceedings{Peters2018DEEPCW,
  title={DEEP CONTEXTUALIZED WORD REPRESENTATIONS},
  author={Matthew E. Peters and Mark Neumann and Mohit Iyyer and Matt Gardner and Christopher Clark and Kenton Lee and Luke S. Zettlemoyer},
  booktitle={NAACL 2018},
  year={2018}
}

@inproceedings{Pennington2014GloveGV,
  title={Glove: Global Vectors for Word Representation},
  author={Jeffrey Pennington and Richard Socher and Christopher D. Manning},
  booktitle={EMNLP},
  year={2014}
}

@article{Kingma2014AdamAM,
  title={Adam: A Method for Stochastic Optimization},
  author={Diederik P. Kingma and Jimmy Ba},
  journal={CoRR},
  year={2014},
  volume={abs/1412.6980}
}

@inproceedings{Shen2018AWS,
  title={A Web-scale system for scientific knowledge exploration},
  author={Zhihong Shen and Hao Ma and Kuansan Wang},
  booktitle={ACL},
  year={2018}
}