@misc{clark2017simple,
    title={Simple and Effective Multi-Paragraph Reading Comprehension},
    author={Christopher Clark and Matt Gardner},
    year={2017},
    eprint={1710.10723},
    archivePrefix={arXiv},
    primaryClass={cs.CL}
}

@article{scikit-learn,
 title={Scikit-learn: Machine Learning in {P}ython},
 author={Pedregosa, F. and Varoquaux, G. and Gramfort, A. and Michel, V.
         and Thirion, B. and Grisel, O. and Blondel, M. and Prettenhofer, P.
         and Weiss, R. and Dubourg, V. and Vanderplas, J. and Passos, A. and
         Cournapeau, D. and Brucher, M. and Perrot, M. and Duchesnay, E.},
 journal={Journal of Machine Learning Research},
 volume={12},
 pages={2825--2830},
 year={2011}
}

@inproceedings{bird2004nltk,
  title={NLTK: the natural language toolkit},
  author={Bird, Steven and Loper, Edward},
  booktitle={Proceedings of the ACL 2004 on Interactive poster and demonstration sessions},
  pages={31},
  year={2004},
  organization={Association for Computational Linguistics}
}

@article{loria2014textblob,
  title={Textblob: simplified text processing},
  author={Loria, Steven and Keen, P and Honnibal, M and Yankovsky, R and Karesh, D and Dempsey, E and others},
  journal={Secondary TextBlob: Simplified Text Processing},
  year={2014}
}

@InProceedings{Choi:2018:ACL, author = {Choi, Eunsol and Levy, Omer and Choi, Yejin and Zettlemoyer}, title = {Ultra-Fine Entity Typing}, booktitle = {Proceedings of the ACL}, year = {2018}, publisher = {Association for Computational Linguistics} }

@article{rajpurkar2016squad,
  title={Squad: 100,000+ questions for machine comprehension of text},
  author={Rajpurkar, Pranav and Zhang, Jian and Lopyrev, Konstantin and Liang, Percy},
  journal={arXiv preprint arXiv:1606.05250},
  year={2016}
}

@article{joshi2017triviaqa,
  title={Triviaqa: A large scale distantly supervised challenge dataset for reading comprehension},
  author={Joshi, Mandar and Choi, Eunsol and Weld, Daniel S and Zettlemoyer, Luke},
  journal={arXiv preprint arXiv:1705.03551},
  year={2017}
}

@misc{github,
  title = {Rich Context Competition Repository},
  howpublished = {\url{https://github.com/Coleridge-Initiative/rich-context-competition}},
  author={Coleridge-Initiative},
  year={2018},
  note = {Accessed: 2018-12-14}
}

@article{lample2016neural,
  title={Neural architectures for named entity recognition},
  author={Lample, Guillaume and Ballesteros, Miguel and Subramanian, Sandeep and Kawakami, Kazuya and Dyer, Chris},
  journal={arXiv preprint arXiv:1603.01360},
  year={2016}
}

@article{collobert2011natural,
  title={Natural language processing (almost) from scratch},
  author={Collobert, Ronan and Weston, Jason and Bottou, L{\'e}on and Karlen, Michael and Kavukcuoglu, Koray and Kuksa, Pavel},
  journal={Journal of Machine Learning Research},
  volume={12},
  number={Aug},
  pages={2493--2537},
  year={2011}
}

@article{lafferty2001conditional,
  title={Conditional random fields: Probabilistic models for segmenting and labeling sequence data},
  author={Lafferty, John and McCallum, Andrew and Pereira, Fernando CN},
  year={2001}
}

@misc{devlin2018bert,
    title={BERT: Pre-training of Deep Bidirectional Transformers for Language Understanding},
    author={Jacob Devlin and Ming-Wei Chang and Kenton Lee and Kristina Toutanova},
    year={2018},
    eprint={1810.04805},
    archivePrefix={arXiv},
    primaryClass={cs.CL}
}

@inproceedings{seo2018phrase,
 title={Phrase-Indexed Question Answering: A New Challenge for Scalable Document Comprehension},
 author={Seo, Minjoon and Kwiatkowski, Tom and Parikh, Ankur P and Farhadi, Ali and Hajishirzi, Hannaneh},
 booktitle={EMNLP},
 year={2018}
}

@misc{ghavimi2016identifying,
    title={Identifying and Improving Dataset References in Social Sciences Full Texts},
    author={Behnam Ghavimi and Philipp Mayr and Sahar Vahdati and Christoph Lange},
    year={2016},
    eprint={1603.01774},
    archivePrefix={arXiv},
    primaryClass={cs.DL}
}

@article{Bornmann_2015,
   title={Growth rates of modern science: A bibliometric analysis based on the number of publications and cited references},
   volume={66},
   ISSN={2330-1635},
   url={http://dx.doi.org/10.1002/asi.23329},
   DOI={10.1002/asi.23329},
   number={11},
   journal={Journal of the Association for Information Science and Technology},
   publisher={Wiley},
   author={Bornmann, Lutz and Mutz, Rüdiger},
   year={2015},
   month={Apr},
   pages={2215–2222}
}

@article{yuan2017machine,
  title={Machine comprehension by text-to-text neural question generation},
  author={Yuan, Xingdi and Wang, Tong and Gulcehre, Caglar and Sordoni, Alessandro and Bachman, Philip and Subramanian, Sandeep and Zhang, Saizheng and Trischler, Adam},
  journal={arXiv preprint arXiv:1705.02012},
  year={2017}
}

@inproceedings{tjong2003introduction,
  title={Introduction to the CoNLL-2003 shared task: Language-independent named entity recognition},
  author={Tjong Kim Sang, Erik F and De Meulder, Fien},
  booktitle={Proceedings of the seventh conference on Natural language learning at HLT-NAACL 2003-Volume 4},
  pages={142--147},
  year={2003},
  organization={Association for Computational Linguistics}
}

@article{anderson2015docker,
  title={Docker [software engineering]},
  author={Anderson, Charles},
  journal={IEEE Software},
  volume={32},
  number={3},
  pages={102--c3},
  year={2015},
  publisher={IEEE}
}