@book{Aho:72,
    author  = {Alfred V. Aho and Jeffrey D. Ullman},
    title   = {The Theory of Parsing, Translation and Compiling},
    year    = "1972",
    volume  = "1",
    publisher = {Prentice-Hall},
    address = {Englewood Cliffs, NJ}
}

@book{APA:83,
    author  = {{American Psychological Association}},
    title   = {Publications Manual},
    year    = "1983",
   publisher = {American Psychological Association},
   address = {Washington, DC}
}

@article{ACM:83,
	author = {Association for Computing Machinery},
	year = "1983",
	journal = {Computing Reviews},
	volume = "24",
	number = "11",
	pages = "503--512"
}

@article{Chandra:81,
	author = {Ashok K. Chandra and Dexter C. Kozen and Larry J. Stockmeyer},
	year = "1981",
	title = {Alternation},
	journal = {Journal of the Association for Computing Machinery},
	volume = "28",
	number = "1",
	pages = "114--133",
	doi = "10.1145/322234.322243",
}

@inproceedings{andrew2007scalable,
  title={Scalable training of {L1}-regularized log-linear models},
  author={Andrew, Galen and Gao, Jianfeng},
  booktitle={Proceedings of the 24th International Conference on Machine Learning},
  pages={33--40},
  year={2007},
}

@book{Gusfield:97,
    author  = {Dan Gusfield},
    title   = {Algorithms on Strings, Trees and Sequences},
    year    = "1997",
    publisher = {Cambridge University Press},
    address = {Cambridge, UK}
}

@inproceedings{borsch2011,
	Address = {Canberra, Australia},
	Author = {Benjamin Borschinger and Mark Johnson},
	Booktitle = {Proceedings of the Australasian Language Technology Association Workshop 2011},
	Month = {December},
	Pages = {10--18},
	Title = {A Particle Filter algorithm for {B}ayesian Wordsegmentation},
	Year = {2011}}

@article{rasooli-tetrault-2015,
    author    = {Mohammad Sadegh Rasooli and Joel R. Tetreault},
    title     = {Yara Parser: {A} Fast and Accurate Dependency Parser},
    journal   = {Computing Research Repository},
    volume    = {arXiv:1503.06733},
    year      = {2015},
    url       = {http://arxiv.org/abs/1503.06733},
    note    = {version 2}
}

@article{Ando2005,
	Acmid = {1194905},
	Author = {Ando, Rie Kubota and Zhang, Tong},
	Issn = {1532-4435},
	Issue_Date = {12/1/2005},
	Journal = {Journal of Machine Learning Research},
	Month = dec,
	Numpages = {37},
	Pages = {1817--1853},
	Publisher = {JMLR.org},
	Title = {A Framework for Learning Predictive Structures from Multiple Tasks and Unlabeled Data},
	Volume = {6},
	Year = {2005}}

@InProceedings{P16-1001,
  author =	"Goodman, James
  	 and Vlachos, Andreas
	     and Naradowsky, Jason",
  title =    "Noise reduction and targeted exploration in imitation learning for      Abstract Meaning Representation parsing    ",
  booktitle = 	    "Proceedings of the 54th Annual Meeting of the Association for      Computational Linguistics (Volume 1: Long Papers)    ",
  year =    "2016",
  publisher =	"Association for Computational Linguistics",
  pages =   "1--11",
  location =	"Berlin, Germany",
  doi =    "10.18653/v1/P16-1001",
  url =    "http://aclweb.org/anthology/P16-1001"
}

@InProceedings{C14-1001,
  author =	"Harper, Mary",
  title = 	"Learning from 26 Languages: Program Management and Science in the Babel Program",
  booktitle = 	"Proceedings of COLING 2014, the 25th International Conference on Computational Linguistics: Technical Papers",
  year =    "2014",
  publisher =	"Dublin City University and Association for Computational Linguistics",
  pages =   "1",
  location =	"Dublin, Ireland",
  url =    "http://aclweb.org/anthology/C14-1001"
}

%%%%%%%%%%%%%%%%%%

@inproceedings{Peng2004AccurateIE,
  title={Accurate information extraction from research papers using conditional random fields},
  author={Fuchun Peng and Andrew McCallum},
  booktitle={HLT-NAACL 2004},
  year={2004}
}

@inproceedings{Hetzner2008ASM,
  title={A simple method for citation metadata extraction using hidden markov models},
  author={Erik Hetzner},
  booktitle={JCDL 2008},
  year={2008}
}

@inproceedings{Boland2012IdentifyingRT,
  title={Identifying References to Datasets in Publications},
  author={Katarina Boland and Dominique Ritze and Kai Eckert and Brigitte Mathiak},
  booktitle={TPDL},
  year={2012}
}

@inproceedings{Anzaroot2014LearningSL,
  title={Learning Soft Linear Constraints with Application to Citation Field Extraction},
  author={Sam Anzaroot and Alexandre Passos and David Belanger and Andrew McCallum},
  booktitle={ACL},
  year={2014}
}

@inproceedings{Nguyen2015ScholarlyDI,
  title={Scholarly Document Information Extraction using Extensible Features for Efficient Higher Order Semi-CRFs},
  author={Viet Cuong Nguyen and Muthu Kumar Chandrasekaran and Min-Yen Kan and Wee Sun Lee},
  booktitle={JCDL 2015},
  year={2015}
}

@inproceedings{Singh2016OCRAR,
  title={OCR++: A Robust Framework For Information Extraction from Scholarly Articles},
  author={Mayank Singh and Barnopriyo Barua and Priyank Palod and Manvi Garg and Sidhartha Satapathy and Samuel Bushi and Kumar Ayush and Krishna Sai Rohith and Tulasi Gamidi and Pawan Goyal and Animesh Mukherjee},
  booktitle={COLING},
  year={2016}
}

@inproceedings{Ghavimi2016IdentifyingAI,
  title={Identifying and Improving Dataset References in Social Sciences Full Texts},
  author={Behnam Ghavimi and Philipp Mayr and Sahar Vahdati and Christoph Lange},
  booktitle={ELPUB},
  year={2016}
}

@article{Ghavimi2016ASA,
  title={A Semi-Automatic Approach for Detecting Dataset References in Social Science Texts},
  author={Behnam Ghavimi and Philipp Mayr and Christoph Lange and Sahar Vahdati and S{\"o}ren Auer},
  journal={Inf. Services and Use},
  year={2016},
  volume={36},
  pages={171-187}
}

@inproceedings{Luan2017ScientificIE,
  title={Scientific Information Extraction with Semi-supervised Neural Tagging},
  author={Yi Luan and Mari Ostendorf and Hannaneh Hajishirzi},
  booktitle={EMNLP},
  year={2017}
}

@inproceedings{Augenstein2017SemEval2T,
  title={SemEval 2017 Task 10: ScienceIE - Extracting Keyphrases and Relations from Scientific Publications},
  author={Isabelle Augenstein and Mrinal Das and Sebastian Riedel and Lakshmi Vikraman and Andrew McCallum},
  booktitle={SemEval@ACL},
  year={2017}
}

@inproceedings{Augenstein2017MultiTaskLO,
  title={Multi-Task Learning of Keyphrase Boundary Classification},
  author={Isabelle Augenstein and Anders S{\o}gaard},
  booktitle={ACL},
  year={2017}
}

@inproceedings{An2017CitationME,
  title={Citation Metadata Extraction via Deep Neural Network-based Segment Sequence Labeling},
  author={Dong An and Liangcai Gao and Zhuoren Jiang and Runtao Liu and Zhi Tang},
  booktitle={CIKM},
  year={2017}
}

@inproceedings{Alves2018DeepRM,
  title={Deep Reference Mining From Scholarly Literature in the Arts and Humanities},
  author={Danny Rodrigues Alves and Giovanni Colavizza and Fr{\'e}d{\'e}ric Kaplan},
  booktitle={Front. Res. Metr. Anal.},
  year={2018}
}

@inproceedings{Ammar2018ConstructionOT,
  title={Construction of the Literature Graph in Semantic Scholar},
  author={Waleed Ammar and Dirk Groeneveld and Chandra Bhagavatula and Iz Beltagy and Miles Crawford and Doug Downey and Jason Dunkelberger and Ahmed Elgohary and Sergey Feldman and Vu Ha and Rodney Kinney and Sebastian Kohlmeier and Kyle Lo and Tyler Murray and Hsu-Han Ooi and Matthew E. Peters and Joanna Power and Sam Skjonsberg and Lucy Lu Wang and Chris Wilhelm and Zheng Yuan and Madeleine van Zuylen and Oren Etzioni},
  booktitle={NAACL-HTL},
  year={2018}
}

@article{Nasar2018InformationEF,
  title={Information extraction from scientific articles: a survey},
  author={Zara Nasar and S. W. Jaffry and Muhammad Kamran Malik},
  journal={Scientometrics},
  year={2018},
  volume={117},
  pages={1931-1990}
}