@article{DBLP:journals/ploscb/WestergaardSTJB18,
  author    = {David Westergaard and
               Hans Henrik St{\ae}rfeldt and
               Christian T{\o}nsberg and
               Lars Juhl Jensen and
               S{\o}ren Brunak},
  title     = {A comprehensive and quantitative comparison of text-mining in 15 million
               full-text articles versus their corresponding abstracts},
  journal   = {PLoS Computational Biology},
  volume    = {14},
  number    = {2},
  year      = {2018},
  url       = {https://doi.org/10.1371/journal.pcbi.1005962},
  doi       = {10.1371/journal.pcbi.1005962},
  timestamp = {Fri, 30 Nov 2018 13:22:36 +0100},
  biburl    = {https://dblp.org/rec/bib/journals/ploscb/WestergaardSTJB18},
  bibsource = {dblp computer science bibliography, https://dblp.org}
}
@article{DBLP:journals/corr/abs-1301-3781,
  author    = {Tomas Mikolov and
               Kai Chen and
               Greg Corrado and
               Jeffrey Dean},
  title     = {Efficient Estimation of Word Representations in Vector Space},
  journal   = {CoRR},
  volume    = {abs/1301.3781},
  year      = {2013},
  url       = {http://arxiv.org/abs/1301.3781},
  archivePrefix = {arXiv},
  eprint    = {1301.3781},
  timestamp = {Mon, 13 Aug 2018 16:48:33 +0200},
  biburl    = {https://dblp.org/rec/bib/journals/corr/abs-1301-3781},
  bibsource = {dblp computer science bibliography, https://dblp.org}
}
@article{DBLP:journals/corr/abs-1712-05181,
  author    = {Tom Bocklisch and
               Joey Faulkner and
               Nick Pawlowski and
               Alan Nichol},
  title     = {Rasa: Open Source Language Understanding and Dialogue Management},
  journal   = {CoRR},
  volume    = {abs/1712.05181},
  year      = {2017},
  url       = {http://arxiv.org/abs/1712.05181},
  archivePrefix = {arXiv},
  eprint    = {1712.05181},
  timestamp = {Mon, 13 Aug 2018 16:49:13 +0200},
  biburl    = {https://dblp.org/rec/bib/journals/corr/abs-1712-05181},
  bibsource = {dblp computer science bibliography, https://dblp.org}
}