%%%%%%%%%%%%%%%%%%

@inproceedings{Peng2004AccurateIE,
  title={Accurate information extraction from research papers using conditional random fields},
  author={Fuchun Peng and Andrew McCallum},
  booktitle={HLT-NAACL 2004},
  year={2004}
}

@inproceedings{Hetzner2008ASM,
  title={A simple method for citation metadata extraction using hidden markov models},
  author={Erik Hetzner},
  booktitle={JCDL 2008},
  year={2008}
}

@inproceedings{Boland2012IdentifyingRT,
  title={Identifying References to Datasets in Publications},
  author={Katarina Boland and Dominique Ritze and Kai Eckert and Brigitte Mathiak},
  booktitle={TPDL},
  year={2012}
}

@inproceedings{Anzaroot2014LearningSL,
  title={Learning Soft Linear Constraints with Application to Citation Field Extraction},
  author={Sam Anzaroot and Alexandre Passos and David Belanger and Andrew McCallum},
  booktitle={ACL},
  year={2014}
}

@inproceedings{Nguyen2015ScholarlyDI,
  title={Scholarly Document Information Extraction using Extensible Features for Efficient Higher Order Semi-CRFs},
  author={Viet Cuong Nguyen and Muthu Kumar Chandrasekaran and Min-Yen Kan and Wee Sun Lee},
  booktitle={JCDL 2015},
  year={2015}
}

@inproceedings{Singh2016OCRAR,
  title={OCR++: A Robust Framework For Information Extraction from Scholarly Articles},
  author={Mayank Singh and Barnopriyo Barua and Priyank Palod and Manvi Garg and Sidhartha Satapathy and Samuel Bushi and Kumar Ayush and Krishna Sai Rohith and Tulasi Gamidi and Pawan Goyal and Animesh Mukherjee},
  booktitle={COLING},
  year={2016}
}

@inproceedings{Ghavimi2016IdentifyingAI,
  title={Identifying and Improving Dataset References in Social Sciences Full Texts},
  author={Behnam Ghavimi and Philipp Mayr and Sahar Vahdati and Christoph Lange},
  booktitle={ELPUB},
  year={2016}
}

@article{Ghavimi2016ASA,
  title={A Semi-Automatic Approach for Detecting Dataset References in Social Science Texts},
  author={Behnam Ghavimi and Philipp Mayr and Christoph Lange and Sahar Vahdati and S{\"o}ren Auer},
  journal={Inf. Services and Use},
  year={2016},
  volume={36},
  pages={171-187}
}

@inproceedings{Luan2017ScientificIE,
  title={Scientific Information Extraction with Semi-supervised Neural Tagging},
  author={Yi Luan and Mari Ostendorf and Hannaneh Hajishirzi},
  booktitle={EMNLP},
  year={2017}
}

@inproceedings{Augenstein2017SemEval2T,
  title={SemEval 2017 Task 10: ScienceIE - Extracting Keyphrases and Relations from Scientific Publications},
  author={Isabelle Augenstein and Mrinal Das and Sebastian Riedel and Lakshmi Vikraman and Andrew McCallum},
  booktitle={SemEval@ACL},
  year={2017}
}

@inproceedings{Augenstein2017MultiTaskLO,
  title={Multi-Task Learning of Keyphrase Boundary Classification},
  author={Isabelle Augenstein and Anders S{\o}gaard},
  booktitle={ACL},
  year={2017}
}

@inproceedings{An2017CitationME,
  title={Citation Metadata Extraction via Deep Neural Network-based Segment Sequence Labeling},
  author={Dong An and Liangcai Gao and Zhuoren Jiang and Runtao Liu and Zhi Tang},
  booktitle={CIKM},
  year={2017}
}

@inproceedings{Alves2018DeepRM,
  title={Deep Reference Mining From Scholarly Literature in the Arts and Humanities},
  author={Danny Rodrigues Alves and Giovanni Colavizza and Fr{\'e}d{\'e}ric Kaplan},
  booktitle={Front. Res. Metr. Anal.},
  year={2018}
}

@inproceedings{Ammar2018ConstructionOT,
  title={Construction of the Literature Graph in Semantic Scholar},
  author={Waleed Ammar and Dirk Groeneveld and Chandra Bhagavatula and Iz Beltagy and Miles Crawford and Doug Downey and Jason Dunkelberger and Ahmed Elgohary and Sergey Feldman and Vu Ha and Rodney Kinney and Sebastian Kohlmeier and Kyle Lo and Tyler Murray and Hsu-Han Ooi and Matthew E. Peters and Joanna Power and Sam Skjonsberg and Lucy Lu Wang and Chris Wilhelm and Zheng Yuan and Madeleine van Zuylen and Oren Etzioni},
  booktitle={NAACL-HTL},
  year={2018}
}

@article{Nasar2018InformationEF,
  title={Information extraction from scientific articles: a survey},
  author={Zara Nasar and S. W. Jaffry and Muhammad Kamran Malik},
  journal={Scientometrics},
  year={2018},
  volume={117},
  pages={1931-1990}
}
